<?xml version="1.0" encoding="UTF-8"?><collection xmlns="http://www.loc.gov/MARC21/slim"><record><leader>00626nam--2200133-i-4500</leader><controlfield tag="001">000046517</controlfield><controlfield tag="002">20161230</controlfield><controlfield tag="005">20161230201046</controlfield><controlfield tag="008">060222s1000------------r-----000-0-eng-d</controlfield><datafield ind1=" " ind2=" " tag="080"><subfield code="a">0613.:621.039.543.4:546.791</subfield></datafield><datafield ind1=" " ind2=" " tag="245"><subfield code="a">Utilizzazione del combustibile nucleare. atti delle``giornate dell`energia nucleare`` organizate dalla federazione delle associazioni scientifiche e tecniche con la collaborazione del comitato nazionale per l`energia nucleare e del forum italiano dell`eneRGIA NUCLEARE. MILANO, 12-14 DIC., 1968</subfield></datafield><datafield ind1=" " ind2=" " tag="260"><subfield code="a">Roma, Comitato Nazionale Energia Nucleare, 1969, 372p</subfield></datafield><datafield ind1=" " ind2=" " tag="490"><subfield code="a">Serie Simposi</subfield></datafield><datafield ind1=" " ind2=" " tag="852"><subfield code="a">36513</subfield></datafield></record></collection>